<record><leader>00000cas a22000007a 4500</leader><controlfield tag="001">32987730</controlfield><controlfield tag="008">950815d19101912okuwr n       0    0ger d</controlfield><datafield ind1=" " ind2=" " tag="010"><subfield code="a">sn 95076103 </subfield></datafield><datafield ind1=" " ind2=" " tag="040"><subfield code="a">OBN</subfield><subfield code="b">eng</subfield><subfield code="c">OBN</subfield><subfield code="d">OCLCQ</subfield><subfield code="d">OCLCF</subfield><subfield code="d">OCLCO</subfield></datafield><datafield ind1="1" ind2=" " tag="029"><subfield code="a">AU@</subfield><subfield code="b">000025852637</subfield></datafield><datafield ind1=" " ind2=" " tag="042"><subfield code="a">msc</subfield></datafield><datafield ind1=" " ind2=" " tag="043"><subfield code="a">n-us-ok</subfield></datafield><datafield ind1="0" ind2=" " tag="130"><subfield code="a">Oklahoma post (Fairview, Okla.)</subfield></datafield><datafield ind1="1" ind2="4" tag="245"><subfield code="a">Die Oklahoma post.</subfield></datafield><datafield ind1=" " ind2=" " tag="260"><subfield code="a">Fairview, Okla. :</subfield><subfield code="b">H.H. Fast</subfield></datafield><datafield ind1=" " ind2=" " tag="300"><subfield code="a">v.</subfield></datafield><datafield ind1="1" ind2=" " tag="362"><subfield code="a">Began Sep. 30, 1910; ceased 1912.</subfield></datafield><datafield ind1=" " ind2=" " tag="500"><subfield code="a">"The only German Newspaper printed in Oklahoma edited by a German-Russian."</subfield></datafield><datafield ind1=" " ind2=" " tag="546"><subfield code="a">In German.</subfield></datafield><datafield ind1=" " ind2=" " tag="580"><subfield code="a">Issued with: Fairview republican, Aug. 4, 1911-May 3, 1912.</subfield></datafield><datafield ind1=" " ind2=" " tag="588"><subfield code="a">Description based on: Vol. 1, no. 11 (Dec. 8, 1910).</subfield></datafield><datafield ind1=" " ind2="0" tag="650"><subfield code="a">German Americans</subfield><subfield code="z">Oklahoma</subfield><subfield code="v">Newspapers.</subfield></datafield><datafield ind1=" " ind2="0" tag="651"><subfield code="a">Fairview (Okla.)</subfield><subfield code="v">Newspapers.</subfield></datafield><datafield ind1=" " ind2="0" tag="651"><subfield code="a">Major County (Okla.)</subfield><subfield code="v">Newspapers.</subfield></datafield><datafield ind1=" " ind2="7" tag="655"><subfield code="a">Newspapers.</subfield><subfield code="2">fast</subfield><subfield code="0">(OCoLC)fst01423814</subfield></datafield><datafield ind1=" " ind2="7" tag="650"><subfield code="a">German Americans.</subfield><subfield code="2">fast</subfield><subfield code="0">(OCoLC)fst00941308</subfield></datafield><datafield ind1=" " ind2="7" tag="651"><subfield code="a">Oklahoma.</subfield><subfield code="2">fast</subfield><subfield code="0">(OCoLC)fst01205031</subfield></datafield><datafield ind1=" " ind2="7" tag="651"><subfield code="a">Oklahoma</subfield><subfield code="z">Fairview.</subfield><subfield code="2">fast</subfield><subfield code="0">(OCoLC)fst01227402</subfield></datafield><datafield ind1=" " ind2="7" tag="651"><subfield code="a">Oklahoma</subfield><subfield code="z">Major County.</subfield><subfield code="2">fast</subfield><subfield code="0">(OCoLC)fst01218460</subfield></datafield><datafield ind1=" " ind2=" " tag="752"><subfield code="a">United States</subfield><subfield code="b">Oklahoma</subfield><subfield code="c">Major</subfield><subfield code="d">Fairview.</subfield></datafield><datafield ind1="0" ind2=" " tag="777"><subfield code="t">Fairview republican</subfield><subfield code="w">(DLC)sn 88084124</subfield><subfield code="w">(OCoLC)18398933</subfield></datafield><datafield ind1="0" ind2="7" tag="785"><subfield code="t">Okeene leader (Okeene, Okla. : 1906)</subfield><subfield code="w">(DLC)sn 96093822</subfield><subfield code="w">(OCoLC)35200125</subfield></datafield><datafield ind1="0" ind2="7" tag="785"><subfield code="t">Okeene leader and Oklahoma post (Okeene, Okla. : 1912)</subfield><subfield code="w">(DLC)sn 96093823</subfield><subfield code="w">(OCoLC)35200249</subfield></datafield></record>